<?xml version="1.0" encoding="UTF-8"?><record xmlns="http://www.loc.gov/MARC21/slim" xmlns:cinclude="http://apache.org/cocoon/include/1.0" xmlns:zs="http://www.loc.gov/zing/srw/">
  <leader>00460nz  a2200133n  4500</leader>
  <controlfield tag="001">nb2010031319</controlfield>
  <controlfield tag="003">DLC</controlfield>
  <controlfield tag="005">20101125075214.0</controlfield>
  <controlfield tag="008">101123n| acannaabn          |n aaa      </controlfield>
  <datafield tag="010" ind1=" " ind2=" ">
    <subfield code="a">nb2010031319</subfield>
  </datafield>
  <datafield tag="035" ind1=" " ind2=" ">
    <subfield code="a">(Uk)007975704</subfield>
  </datafield>
  <datafield tag="040" ind1=" " ind2=" ">
    <subfield code="a">Uk</subfield>
    <subfield code="b">eng</subfield>
    <subfield code="c">Uk</subfield>
  </datafield>
  <datafield tag="100" ind1="1" ind2=" ">
    <subfield code="a">Clayton, Ross,</subfield>
    <subfield code="d">1987-</subfield>
  </datafield>
  <datafield tag="670" ind1=" " ind2=" ">
    <subfield code="a">Sporting greats of 2008, 2009:</subfield>
    <subfield code="b">t.p. (Ross Clayton) back cover (born in Scunthorpe, North Lincolnshire in 1987, Ross has produced the illustrations for this publication)</subfield>
  </datafield>
</record>